@article{son2017retinal,
  title={Retinal vessel segmentation in fundoscopic images with generative adversarial networks},
  author={Son, Jaemin and Park, Sang Jun and Jung, Kyu-Hwan},
  journal={arXiv preprint arXiv:1706.09318},
  year={2017}
}

@article{chen2017dcan,
  title={DCAN: Deep contour-aware networks for object instance segmentation from histology images},
  author={Chen, Hao and Qi, Xiaojuan and Yu, Lequan and Dou, Qi and Qin, Jing and Heng, Pheng-Ann},
  journal={Medical image analysis},
  volume={36},
  pages={135--146},
  year={2017},
  publisher={Elsevier}
}

@article{edmund2017review,
  title={A review of substitute CT generation for MRI-only radiation therapy},
  author={Edmund, Jens M and Nyholm, Tufve},
  journal={Radiation Oncology},
  volume={12},
  number={1},
  pages={28},
  year={2017},
  publisher={BioMed Central}
}

@article{han2017mr,
  title={MR-based synthetic CT generation using a deep convolutional neural network method},
  author={Han, Xiao},
  journal={Medical physics},
  volume={44},
  number={4},
  pages={1408--1419},
  year={2017},
  publisher={Wiley Online Library}
}

@inproceedings{nie2017medical,
  title={Medical image synthesis with context-aware generative adversarial networks},
  author={Nie, Dong and Trullo, Roger and Lian, Jun and Petitjean, Caroline and Ruan, Su and Wang, Qian and Shen, Dinggang},
  booktitle={International Conference on Medical Image Computing and Computer-Assisted Intervention},
  pages={417--425},
  year={2017},
  organization={Springer}
}

@inproceedings{goodfellow2014generative,
  title={Generative adversarial nets},
  author={Goodfellow, Ian and Pouget-Abadie, Jean and Mirza, Mehdi and Xu, Bing and Warde-Farley, David and Ozair, Sherjil and Courville, Aaron and Bengio, Yoshua},
  booktitle={Advances in neural information processing systems},
  pages={2672--2680},
  year={2014}
}

@incollection{bi2017synthesis,
  title={Synthesis of positron emission tomography (pet) images via multi-channel generative adversarial networks (gans)},
  author={Bi, Lei and Kim, Jinman and Kumar, Ashnil and Feng, Dagan and Fulham, Michael},
  booktitle={Molecular Imaging, Reconstruction and Analysis of Moving Body Organs, and Stroke Imaging and Treatment},
  pages={43--51},
  year={2017},
  publisher={Springer}
}

@article{isola2017image,
  title={Image-to-image translation with conditional adversarial networks},
  author={Isola, Phillip and Zhu, Jun-Yan and Zhou, Tinghui and Efros, Alexei A},
  journal={arXiv preprint},
  year={2017}
}

@inproceedings{ben2017virtual,
  title={Virtual pet images from ct data using deep convolutional networks: Initial results},
  author={Ben-Cohen, Avi and Klang, Eyal and Raskin, Stephen P and Amitai, Michal Marianne and Greenspan, Hayit},
  booktitle={International Workshop on Simulation and Synthesis in Medical Imaging},
  pages={49--57},
  year={2017},
  organization={Springer}
}

@inproceedings{long2015fully,
  title={Fully convolutional networks for semantic segmentation},
  author={Long, Jonathan and Shelhamer, Evan and Darrell, Trevor},
  booktitle={Proceedings of the IEEE conference on computer vision and pattern recognition},
  pages={3431--3440},
  year={2015}
}

@inproceedings{wolterink2017deep,
  title={Deep MR to CT synthesis using unpaired data},
  author={Wolterink, Jelmer M and Dinkla, Anna M and Savenije, Mark HF and Seevinck, Peter R and van den Berg, Cornelis AT and I{\v{s}}gum, Ivana},
  booktitle={International Workshop on Simulation and Synthesis in Medical Imaging},
  pages={14--23},
  year={2017},
  organization={Springer}
}

@article{zhu2017unpaired,
  title={Unpaired image-to-image translation using cycle-consistent adversarial networks},
  author={Zhu, Jun-Yan and Park, Taesung and Isola, Phillip and Efros, Alexei A},
  journal={arXiv preprint},
  year={2017}
}

@article{saad2009new,
  title={A new method for improving functional-to-structural MRI alignment using local Pearson correlation},
  author={Saad, Ziad S and Glen, Daniel R and Chen, Gang and Beauchamp, Michael S and Desai, Rutvik and Cox, Robert W},
  journal={Neuroimage},
  volume={44},
  number={3},
  pages={839--848},
  year={2009},
  publisher={Elsevier}
}

@inproceedings{mao2017least,
  title={Least squares generative adversarial networks},
  author={Mao, Xudong and Li, Qing and Xie, Haoran and Lau, Raymond YK and Wang, Zhen and Smolley, Stephen Paul},
  booktitle={Computer Vision (ICCV), 2017 IEEE International Conference on},
  pages={2813--2821},
  year={2017},
  organization={IEEE}
}

@inproceedings{pathak2016context,
  title={Context encoders: Feature learning by inpainting},
  author={Pathak, Deepak and Krahenbuhl, Philipp and Donahue, Jeff and Darrell, Trevor and Efros, Alexei A},
  booktitle={Proceedings of the IEEE Conference on Computer Vision and Pattern Recognition},
  pages={2536--2544},
  year={2016}
}

@inproceedings{johnson2016perceptual,
  title={Perceptual losses for real-time style transfer and super-resolution},
  author={Johnson, Justin and Alahi, Alexandre and Fei-Fei, Li},
  booktitle={European Conference on Computer Vision},
  pages={694--711},
  year={2016},
  organization={Springer}
}

@inproceedings{he2016deep,
  title={Deep residual learning for image recognition},
  author={He, Kaiming and Zhang, Xiangyu and Ren, Shaoqing and Sun, Jian},
  booktitle={Proceedings of the IEEE conference on computer vision and pattern recognition},
  pages={770--778},
  year={2016}
}

@misc{ulyanovinstance,
  title={Instance normalization: the missing ingredient for fast stylization. CoRR abs/1607.08022 (2016)},
  author={Ulyanov, D and Vedaldi, A and Lempitsky, VS}
}

@article{xu2015empirical,
  title={Empirical evaluation of rectified activations in convolutional network},
  author={Xu, Bing and Wang, Naiyan and Chen, Tianqi and Li, Mu},
  journal={arXiv preprint arXiv:1505.00853},
  year={2015}
}

@article{kingma2014adam,
  title={Adam: A method for stochastic optimization},
  author={Kingma, Diederik P and Ba, Jimmy},
  journal={arXiv preprint arXiv:1412.6980},
  year={2014}
}

@article{hinton2006reducing,
  title={Reducing the dimensionality of data with neural networks},
  author={Hinton, Geoffrey E and Salakhutdinov, Ruslan R},
  journal={science},
  volume={313},
  number={5786},
  pages={504--507},
  year={2006},
  publisher={American Association for the Advancement of Science}
}
